<?xml version="1.0" encoding="UTF-8"?><record xmlns="http://www.loc.gov/MARC21/slim" xmlns:cinclude="http://apache.org/cocoon/include/1.0" xmlns:zs="http://www.loc.gov/zing/srw/">
  <leader>00827cz  a2200193n  4500</leader>
  <controlfield tag="001">n  85307392 </controlfield>
  <controlfield tag="003">DLC</controlfield>
  <controlfield tag="005">20120811082024.0</controlfield>
  <controlfield tag="008">860408n| acannaabn          |a aaa      </controlfield>
  <datafield tag="010" ind1=" " ind2=" ">
    <subfield code="a">n  85307392 </subfield>
  </datafield>
  <datafield tag="035" ind1=" " ind2=" ">
    <subfield code="a">(OCoLC)oca01573724</subfield>
  </datafield>
  <datafield tag="040" ind1=" " ind2=" ">
    <subfield code="a">DLC</subfield>
    <subfield code="b">eng</subfield>
    <subfield code="c">DLC</subfield>
    <subfield code="d">DLC</subfield>
    <subfield code="d">OCoLC</subfield>
    <subfield code="d">DLC</subfield>
  </datafield>
  <datafield tag="100" ind1="1" ind2=" ">
    <subfield code="a">Anomadassi, Venḍaruvē,</subfield>
    <subfield code="c">Sthavira</subfield>
  </datafield>
  <datafield tag="400" ind1="1" ind2=" ">
    <subfield code="a">Anomadassi, Wendaruwe,</subfield>
    <subfield code="c">Sthavira</subfield>
  </datafield>
  <datafield tag="400" ind1="0" ind2=" ">
    <subfield code="a">Venḍaruvē Anomadassi,</subfield>
    <subfield code="c">Sthavira</subfield>
  </datafield>
  <datafield tag="400" ind1="0" ind2=" ">
    <subfield code="a">Wendaruwe Anomadassi,</subfield>
    <subfield code="c">Sthavira</subfield>
  </datafield>
  <datafield tag="667" ind1=" " ind2=" ">
    <subfield code="a">THIS 1XX FIELD CANNOT BE USED UNDER RDA UNTIL THIS RECORD HAS BEEN REVIEWED AND/OR UPDATED</subfield>
  </datafield>
  <datafield tag="670" ind1=" " ind2=" ">
    <subfield code="a">Tipiṭaka. Suttapiṭaka. Khuddakanikāya. Apadāna. Apadānapāli, 1961- :</subfield>
    <subfield code="b">v. 2, t.p. (Venḍaruvē Anomadassi Sthavira) a. t.p. (Wendaruwe Anomadassi)</subfield>
  </datafield>
  <datafield tag="670" ind1=" " ind2=" ">
    <subfield code="a">LC data base, 4/2/86</subfield>
    <subfield code="b">(hdg.: Anomadassi, Venḍaruvē, Sthavira)</subfield>
  </datafield>
</record>